<collection xmlns="http://www.loc.gov/MARC21/slim">
<record>
  <leader>02169nam0a2200421 i 450 </leader>
  <controlfield tag="001">IT\ICCU\CNCE\005365</controlfield>
  <controlfield tag="005">20070125000000.0</controlfield>
  <datafield tag="012" ind1=" " ind2=" ">
    <subfield code="a">i-e- a.te u*cu acda (3) 1513 (A)</subfield>
    <subfield code="2">fei</subfield>
  </datafield>
  <datafield tag="100" ind1=" " ind2=" ">
    <subfield code="a">19970101d1513        0itac0103    ba</subfield>
  </datafield>
  <datafield tag="101" ind1=" " ind2=" ">
    <subfield code="a">LAT</subfield>
  </datafield>
  <datafield tag="102" ind1=" " ind2=" ">
    <subfield code="a">IT</subfield>
  </datafield>
  <datafield tag="200" ind1="1" ind2=" ">
    <subfield code="a">Super quarta primi. Ugonis senensis Super quarta fen primi Aui. preclara expositio. Cum annotationibus Iacobi de Partibus nouiter perquam diligentissime correcta</subfield>
  </datafield>
  <datafield tag="210" ind1=" " ind2=" ">
    <subfield code="e">Venetijs</subfield>
    <subfield code="g">mandato et sumptibus heredum Octauiani Scoti et sociorum</subfield>
    <subfield code="g">per Georgium Arriuabenum</subfield>
    <subfield code="h">1513 die 10 Iuni</subfield>
  </datafield>
  <datafield tag="215" ind1=" " ind2=" ">
    <subfield code="a">86 c.</subfield>
    <subfield code="d">fol</subfield>
  </datafield>
  <datafield tag="620" ind1=" " ind2=" ">
    <subfield code="a">IT</subfield>
    <subfield code="d">Venezia</subfield>
  </datafield>
  <datafield tag="700" ind1=" " ind2="1">
    <subfield code="a">Benzi,</subfield>
    <subfield code="b">Ugo</subfield>
    <subfield code="3">IT\ICCU\CNCA\001624</subfield>
  </datafield>
  <datafield tag="702" ind1=" " ind2="1">
    <subfield code="a">Desparts,</subfield>
    <subfield code="b">Jacques</subfield>
    <subfield code="3">IT\ICCU\CNCA\000128</subfield>
  </datafield>
  <datafield tag="702" ind1=" " ind2="0">
    <subfield code="a">Avicenna</subfield>
    <subfield code="3">IT\ICCU\CNCA\000237</subfield>
  </datafield>
  <datafield tag="712" ind1="0" ind2="0">
    <subfield code="a">Scoto, Ottaviano &lt;1.&gt; - eredi &amp; C.</subfield>
    <subfield code="3">IT\ICCU\CNCT\002931</subfield>
    <subfield code="4">650</subfield>
  </datafield>
  <datafield tag="712" ind1="0" ind2="0">
    <subfield code="a">Arrivabene, Giorgio</subfield>
    <subfield code="3">IT\ICCU\CNCT\000599</subfield>
    <subfield code="4">650</subfield>
  </datafield>
  <datafield tag="790" ind1=" " ind2="1">
    <subfield code="a">Benci,</subfield>
    <subfield code="b">Ugo</subfield>
    <subfield code="3">IT\ICCU\CNCA\007824</subfield>
    <subfield code="z">Benzi, Ugo</subfield>
  </datafield>
  <datafield tag="790" ind1=" " ind2="0">
    <subfield code="a">Ugo</subfield>
    <subfield code="c"> : Senensis</subfield>
    <subfield code="3">IT\ICCU\CNCA\015075</subfield>
    <subfield code="z">Benzi, Ugo</subfield>
  </datafield>
  <datafield tag="790" ind1=" " ind2="1">
    <subfield code="a">Bentius,</subfield>
    <subfield code="b">Ugo</subfield>
    <subfield code="3">IT\ICCU\CNCA\022167</subfield>
    <subfield code="z">Benzi, Ugo</subfield>
  </datafield>
  <datafield tag="790" ind1=" " ind2="1">
    <subfield code="a">Partibus,</subfield>
    <subfield code="b">Iacobus : de</subfield>
    <subfield code="3">IT\ICCU\CNCA\014694</subfield>
    <subfield code="z">Desparts, Jacques</subfield>
  </datafield>
  <datafield tag="790" ind1=" " ind2="1">
    <subfield code="a">De_Partibus,</subfield>
    <subfield code="b">Jacobus</subfield>
    <subfield code="3">IT\ICCU\CNCA\015303</subfield>
    <subfield code="z">Desparts, Jacques</subfield>
  </datafield>
  <datafield tag="790" ind1=" " ind2="1">
    <subfield code="a">Despars,</subfield>
    <subfield code="b">Jacques</subfield>
    <subfield code="3">IT\ICCU\CNCA\019553</subfield>
    <subfield code="z">Desparts, Jacques</subfield>
  </datafield>
  <datafield tag="790" ind1=" " ind2="0">
    <subfield code="a">Abu &apos;Ali al-Husain ibn &apos;Abd Allah ibn Sina</subfield>
    <subfield code="3">IT\ICCU\CNCA\012315</subfield>
    <subfield code="z">Avicenna</subfield>
  </datafield>
  <datafield tag="790" ind1=" " ind2="1">
    <subfield code="a">Ibn Sina,</subfield>
    <subfield code="b">Abu Ali</subfield>
    <subfield code="3">IT\ICCU\CNCA\014502</subfield>
    <subfield code="z">Avicenna</subfield>
  </datafield>
  <datafield tag="791" ind1="0" ind2="0">
    <subfield code="a">Arrivabenis, Georgius de</subfield>
    <subfield code="3">IT\ICCU\CNCT\004264</subfield>
    <subfield code="z">Arrivabene, Giorgio</subfield>
  </datafield>
  <datafield tag="791" ind1="0" ind2="0">
    <subfield code="a">Arrivabenus, Georgius</subfield>
    <subfield code="3">IT\ICCU\CNCT\004265</subfield>
    <subfield code="z">Arrivabene, Giorgio</subfield>
  </datafield>
  <datafield tag="801" ind1=" " ind2="3">
    <subfield code="a">IT</subfield>
    <subfield code="b">ICCU</subfield>
    <subfield code="c">20201113</subfield>
  </datafield>
  <datafield tag="899" ind1=" " ind2=" ">
    <subfield code="a">Biblioteca universitaria. Cagliari</subfield>
    <subfield code="1">CA0194</subfield>
    <subfield code="2">CAG UC</subfield>
  </datafield>
  <datafield tag="899" ind1=" " ind2=" ">
    <subfield code="a">Biblioteca comunale Pietro Siciliani. Galatina</subfield>
    <subfield code="1">LE0209</subfield>
    <subfield code="2">LEK SF</subfield>
  </datafield>
  <datafield tag="899" ind1=" " ind2=" ">
    <subfield code="a">Biblioteca comunale Teresiana. Mantova</subfield>
    <subfield code="1">MN0035</subfield>
    <subfield code="2">LO1 12</subfield>
  </datafield>
  <datafield tag="899" ind1=" " ind2=" ">
    <subfield code="a">Biblioteca comunale Classense. Ravenna</subfield>
    <subfield code="1">RA0036</subfield>
    <subfield code="2">RAV CL</subfield>
  </datafield>
  <datafield tag="899" ind1=" " ind2=" ">
    <subfield code="a">Biblioteca universitaria Alessandrina. Roma</subfield>
    <subfield code="1">RM0280</subfield>
    <subfield code="2">RML 01</subfield>
  </datafield>
  <datafield tag="899" ind1=" " ind2=" ">
    <subfield code="a">Biblioteca comunale degli Intronati. Siena</subfield>
    <subfield code="1">SI0046</subfield>
    <subfield code="2">RT1 QI</subfield>
  </datafield>
  <datafield tag="899" ind1=" " ind2=" ">
    <subfield code="a">Biblioteca nazionale Marciana. Venezia</subfield>
    <subfield code="1">VE0049</subfield>
    <subfield code="2">VEA BM</subfield>
  </datafield>
</record>
</collection>
